

@misc{michael,
  howpublished = {\url{https://www.michael-smith-engineers.co.uk/resources/useful-info/centrifugal-pumps}
}
@misc{lanshengroup,
  howpublished = { \url{https://en.lanshengroup.com/product/single-vane-impeller-sewage-pump/}
}
@manual{radzi,
   title = {Design and Prototyping of Centrifugal Pump Impeller to be used as Water Injection Pump for Hydrocarbon Artificial Lift},
  author = {Mohd Radzi Bin Mohd Anua and Mohd Radzi},
  year = {2008},
 }
@manual{walther,
  author = {Walther,Buschhorn},
  title = {Impellers, especially single vane impellers for rotary pumps},
  number = {3082695},
  year={1963},
  month={Mar},
  day={26},
 
}
@book{stepanoff,
  author = {Stepanoff, Alexey Joakim}, 
  title = {Centrifugal and axial flow pumps},
  publisher = {Springer},
  year = 1957,
  address = {Berlin}
}
@book{johann,
  author = {Gülich, Johann Friedrich}, 
  title = {"Centrifugal pumps"},
  publisher = {Springer},
  year = 2008,
  address = {Berlin},
  volume={2}
}
@book{lobanoff,
  author = { Lobanoff and Val S, and Robert R. Ross}, 
  title = {Centrifugal Pumps: design & application 2nd Edition},
  publisher = {Springer},
  year = 1992,
 pages={8-9},
}


@manual{nishi,
  title = {"Design method for single-blade centrifugal pump impeller"},
  author = {Nishi, Yasuyuki, Ryota Fujiwara and Junichiro Fukutomi},
  note={Journal of fluid science and technology 4.3 (2009): 786-800}
 }
 @manual{trofimenko,
  title = { "Mathematical study of energy characteristics of centrifugal pump with single-vane impeller"},
  author = {Trofimenko, P. E., M. V. Naida and A. V. Khomenko},
  note={Mathematical Modeling and Computing 7.2 (2020): 366-372}
 }
 @manual{knapp,
  title = { "Investigation of different design methods of volutes with circular cross sections for a single-stage centrifugal pump" },
  author = {Knapp and et al. },
  note={Mathematical Modeling and Computing 7.2 (2020): 366-372}
 }

  @manual{khaing,
  title = { "Design and Calculation of Centrifugal Pump (Impeller) For Water Pumping" },
  author = {Khaing and et.al.},
  note={Mathematical Modeling and Computing 7.2 (2020): 366-372}
 }
 @manual{foley,
  title = {  “Computer graphics: principles and practice” },
  author = { Foley and James D and et.al.},
  note={ Vol. 12110. Addison-Wesley Professional, 1996.}
 }
  @manual{toyokura,
  title = {  “New Design Charts for Turbo Pumps (in Japanese)” },
  author = { Toyokura, T. and Takeda, H},
  note={ Turbomachinery, Vol.23, No.8 (1995), p.41}
 }
  @manual{wiesner,
  title = {  “A Review of Slip Factors for Centrifugal Impellers” },
  author = { Wiesner, F. J},
  note={  Transactions of the American Society of Mechanical Engineers, Series A, Vol.89, No.4 (1967), p. 559}
 }
  @manual{carl,
  title = {   “Die Kreiselpumpen für Flüssigkeiten und Gase” },
  author = {  Carl Pfleiderer},
  note={  Springer-Verlag, Berlin / Göttingen / Heidelberg, 4. edition, 1955.}
 }
 

 
 
 
